@ARTICLE{ TSelect,
	title = {No word is an island â€” a transformation weighting model for semantic composition},
	author = {Dima, Corina and {de Kok}, Dani{\"e}l and Witte, Neele and Hinrichs, Erhard},
	year = {2018}
}
